@InCollection{	  juk69:evo,
  author	= {Jukes, T. H. and Cantor, C. R.},
  editor	= {Munro, H. N.},
  title		= {Evolution of protein molecules},
  booktitle	= {Mammalian Protein Metabolism},
  pages		= {21-132},
  year		= 1969,
  publisher	= {Academic Press},
  address	= {New York},
  volume	= 3
}
@Article{	  fel85:con,
  author	= {Felsenstein, J.},
  title		= {Confidence limits on phylogenies: an approach using the
		  bootstrap},
  journal	= {Evolution},
  pages		= {783-791},
  year		= 1985,
  volume	= 39
}

@Article{klo16:sup,
  author =       {Kl{\"o}tzl, F. and Haubold, B.},
  title =        {Support values for genome phylogenies},
  journal =      {Life},
  year =         2016,
  volume =       6,
  pages  =       11
}

@Misc{		  fel05:phy,
  author	= {Felsenstein, J.},
  title		= {{PHYLIP} (phylogeny interference package) version 3.6},
  year		= 2005,
  publisher	= {Distributed by the author, University of Washington,
		  Seattle}
}
